
@PhdThesis{hagen2008verifying,
  title={Verifying safety properties of Lustre programs: an SMT-based approach},
  author={Hagen, George Edward},
  year={2008},
  school={The University of Iowa},
}