% A ------------------

@incollection{andrade2003efficient,
  title={Efficient execution of multi-query data analysis batches using compiler optimization strategies},
  author={Andrade, Henrique and Aryangat, Suresh and Kurc, Tahsin and Saltz, Joel and Sussman, Alan},
  booktitle={Languages and Compilers for Parallel Computing},
  year={2003},
}

@inproceedings{arasu2003cql,
  title={{CQL}: A language for continuous queries over streams and relations},
  author={Arasu, Arvind and Babu, Shivnath and Widom, Jennifer},
  booktitle={Database Programming Languages},
  year={2003},
}

@techreport{arasu2002abstract,
          author = {Arvind Arasu and Shivnath Babu and Jennifer Widom},
           title = {An Abstract Semantics and Concrete Language for Continuous Queries over Streams and Relations},
            type = {Technical Report},
       publisher = {Stanford},
     institution = {Stanford InfoLab},
            year = {2002},
}

% B ------------------

@article{babu2001continuous,
  title={Continuous queries over data streams},
  author={Babu, Shivnath and Widom, Jennifer},
  journal={ACM Sigmod Record},
  year={2001},
}

@inproceedings{bergstrom2013data,
  title={Data-only flattening for nested data parallelism},
  author={Bergstrom, Lars and Fluet, Matthew and Rainey, Mike and Reppy, John and Rosen, Stephen and Shaw, Adam},
  booktitle={ACM SIGPLAN Notices},
  year={2013},
}

@inproceedings{buck1993scheduling,
  title={Scheduling dynamic dataflow graphs with bounded memory using the token flow model},
  author={Buck, Joseph Tobin and Lee, Edward A},
  booktitle={Acoustics, Speech, and Signal Processing},
  year={1993},
}

% C ------------------

@article{caspi1998co,
  title={A co-iterative characterization of synchronous stream functions},
  author={Caspi, Paul and Pouzet, Marc},
  journal={Electronic Notes in Theoretical Computer Science},
  year={1998},
}

@inproceedings{chandrasekaran2003telegraphcq,
  title={TelegraphCQ: continuous dataflow processing},
  author={Chandrasekaran, Sirish and Cooper, Owen and Deshpande, Amol and Franklin, Michael J and Hellerstein, Joseph M and Hong, Wei and Krishnamurthy, Sailesh and Madden, Samuel R and Reiss, Fred and Shah, Mehul A},
  booktitle={Proceedings of the 2003 ACM SIGMOD international conference on Management of data},
  year={2003},
}

@inproceedings{coutts2007stream,
  title={Stream fusion: From lists to streams to nothing at all},
  author={Coutts, Duncan and Leshchinskiy, Roman and Stewart, Don},
  booktitle={ACM SIGPLAN Notices},
  year={2007},
}

% D ------------------

@article{davies2001modal,
  title={A modal analysis of staged computation},
  author={Davies, Rowan and Pfenning, Frank},
  journal={Journal of the ACM},
  year={2001},
}

% G ------------------

@incollection{geilen2003requirements,
  title={Requirements on the execution of Kahn process networks},
  author={Geilen, Marc and Basten, Twan},
  booktitle={Programming languages and systems},
  year={2003},
}

@inproceedings{gill1993short,
  title={A short cut to deforestation},
  author={Gill, Andrew and Launchbury, John and Peyton Jones, Simon L},
  booktitle={Proceedings of the conference on Functional programming languages and computer architecture},
  year={1993},
}

@incollection{gulwani2004polynomial,
  title={A polynomial-time algorithm for global value numbering},
  author={Gulwani, Sumit and Necula, George C},
  booktitle={Static Analysis},
  year={2004},
}

% H ------------------

@article{ha1997compile,
  title={Compile-time scheduling of dynamic constructs in dataflow program graphs},
  author={Ha, Soonhoi and Lee, Edward A},
  journal={Computers, IEEE Transactions on},
  year={1997},
}

@article{halbwachs1991synchronous,
  title={The synchronous data flow programming language {L}ustre},
  author={Halbwachs, Nicholas and Caspi, Paul and Raymond, Pascal and Pilaud, Daniel},
  journal={Proceedings of the IEEE},
  year={1991},
}

% I ------------------

% J ------------------

@article{johnston2004advances,
  title={Advances in dataflow programming languages},
  author={Johnston, Wesley M and Hanna, JR and Millar, Richard J},
  journal={ACM Computing Surveys},
  year={2004},
}

% K ------------------

% L ------------------

@inproceedings{lippmeier2013data,
  title={Data flow fusion with series expressions in {H}askell},
  author={Lippmeier, Ben and Chakravarty, Manuel MT and Keller, Gabriele and Robinson, Amos},
  booktitle={ACM SIGPLAN Notices},
  year={2013},
}

% M ------------------

@inproceedings{madden2002continuously,
  title={Continuously adaptive continuous queries over streams},
  author={Madden, Samuel and Shah, Mehul and Hellerstein, Joseph M and Raman, Vijayshankar},
  booktitle={Proceedings of the 2002 ACM SIGMOD international conference on Management of data},
  year={2002},
}

@inproceedings{mandel2010lucy,
  title={Lucy-n: a n-synchronous extension of {L}ustre},
  author={Mandel, Louis and Plateau, Florence and Pouzet, Marc},
  booktitle={Mathematics of Program Construction},
  year={2010},
}

@inproceedings{mcsherry2015scalability,
  title={Scalability! {B}ut at what {COST}?},
  author={McSherry, Frank and Isard, Michael and Murray, Derek G},
  booktitle={Hot Topics in Operating Systems},
  year={2015}
}

@inproceedings{munagala2007optimization,
  title={Optimization of continuous queries with shared expensive filters},
  author={Munagala, Kamesh and Srivastava, Utkarsh and Widom, Jennifer},
  booktitle={Principles of database systems},
  year={2007},
}

% N ------------------

% S ------------------

@inproceedings{shaikhha2016architect,
  title={How to Architect a Query Compiler},
  author={Shaikhha, Amir and Klonatos, Ioannis and Parreaux, Lionel Emile Vincent and Brown, Lewis and Dashti Rahmat Abadi, Mohammad and Koch, Christoph},
  booktitle={SIGMOD},
  year={2016}
}


@article{Shivers:Anatomy,
 author = {Shivers, Olin},
 title = {The Anatomy of a Loop: A Story of Scope and Control},
 journal = {SIGPLAN Notices},
 volume = {40},
 number = {9},
 year = {2005}
} 


@InProceedings{soule2013dynamic,
  title     = "Dynamic Expressivity with Static Optimization for Streaming Languages",
  author    = "Robert Soule and Michael I. Gordon and Saman Amarasinghe and Robert Grimm and Martin Hirzel",
  booktitle = "The 7th ACM International Conference on Distributed Event-Based Systems",
  month     = "June",
  year      = "2013",
  keywords  = "StreamIt",
  url       = "http://groups.csail.mit.edu/commit/papers/2013/debs005f-soule.pdf",
}

@article{stephens1997survey,
  title={A survey of stream processing},
  author={Stephens, Robert},
  journal={Acta Informatica},
  year={1997},
}

@article{stream2003stream,
  title={STREAM: The {S}tanford Stream Data Manager},
  author={STREAM Group and others},
  journal={IEEE Data Engineering Bulletin},
  year={2003}
}

% T ------------------

@inproceedings{thies2002streamit,
  title={Stream{I}t: A language for streaming applications},
  author={Thies, William and Karczmarek, Michal and Amarasinghe, Saman},
  booktitle={Compiler Construction},
  year={2002},
}

% V ------------------

@inproceedings{vrba2009kahn,
  title={Kahn process networks are a flexible alternative to {M}ap{R}educe},
  author={Vrba, Zeljko and Halvorsen, P{\aa}l and Griwodz, Carsten and Beskow, Paul},
  booktitle={High Performance Computing and Communications},
  year={2009},
}
