
@inproceedings{coutts2007streamfusion,
  author    = {Duncan Coutts and
               Roman Leshchinskiy and
               Don Stewart},
  title     = {Stream fusion: from lists to streams to nothing at all},
  booktitle = {ICFP: International Conference on Functional Programming},
  year      = {2007}
}


@inproceedings{lippmeier2013flow,
  author    = {Ben Lippmeier and
               Manuel M. T. Chakravarty and
               Gabriele Keller and
               Amos Robinson},
  title     = {Data flow fusion with series expressions in Haskell},
  booktitle = {Haskell Symposium},
  year      = {2013}
}


@inproceedings{megiddo1998weighted,
  author    = {Nimrod Megiddo and
               Vivek Sarkar},
  title     = {Optimal Weighted Loop Fusion for Parallel Programs},
  booktitle = {SPAA: Symposium on Parallel Algorithms and Architectures},
  year      = {1997}
}


@inproceedings{keller2010repa,
  author    = {Gabriele Keller and
               Manuel M. T. Chakravarty and
               Roman Leshchinskiy and
               Simon L. Peyton Jones and
               Ben Lippmeier},
  title     = {Regular, shape-polymorphic, parallel arrays in Haskell},
  booktitle = {ICFP: International Conference on Functional Programming},
  year      = {2010}
}

